<?xml version="1.0" encoding="UTF-8"?>
<!--Generated: Thu Jan 19 15:06:59 EST 2012--><!--@alpha_character^r^@alpha_srt^rosenbaum^@title^Art Rosenbaum Georgia Folklore Collection^@href^http://hdl.loc.gov/loc.afc/eadafc.af005003^@aggregate^af^@ead_file_name^af005003.xml^@eadid^af005003^-->
<mets:mets xmlns:mets="http://www.loc.gov/METS/"
           xmlns:xsi="http://www.w3.org/2001/XMLSchema-instance"
           OBJID="loc.afc.eadafc.af005003"
           xsi:schemaLocation="http://www.loc.gov/METS/ http://www.loc.gov/standards/mets/mets.xsd http://www.loc.gov/MARC21/slim http://www.loc.gov/standards/marcxml/schema/MARC21slim.xsd">
   <mets:metsHdr CREATEDATE="2010-09-27T13:58:52" LASTMODDATE="2012-01-19T20:06:59">
      <mets:agent ROLE="CREATOR" TYPE="ORGANIZATION">
         <mets:name>http://id.loc.gov/vocabulary/organizations/US-dlcafc</mets:name>
      </mets:agent>
      <mets:metsDocumentID>http://hdl.loc.gov/loc.afc/eadafc.af005003.2</mets:metsDocumentID>
   </mets:metsHdr>
   <mets:dmdSec ID="marc">
      <mets:mdWrap MDTYPE="MARC">
         <mets:xmlData><!--af005003-->
<!-- Finished EAD XML URL: --><record xmlns="http://www.loc.gov/MARC21/slim">
               <leader>05327cpcaa22009737a 4500</leader>
               <controlfield tag="005">20120619030659.8</controlfield>
               <controlfield tag="008">040709i19551983dcu                 eng  </controlfield>
               <datafield ind1=" " ind2=" " tag="010">
                  <subfield code="a">  2004695183</subfield>
               </datafield>
               <!-- 
unitdate
	@label="Inclusive Dates"
	@type="inclusive"
	@encodinganalog="245$f"
	@normal="1955/1983"
	@era="ce"
	@calendar="gregorian"
1955-1983
--><datafield tag="046" ind1=" " ind2=" ">
                  <subfield code="a">i</subfield>
                  <subfield code="c">1955/1983</subfield>
               </datafield>
               <!-- 
unitdate
	@label="Bulk Dates"
	@type="bulk"
	@encodinganalog="245$g"
	@normal="1976/1983"
	@era="ce"
	@calendar="gregorian"
1976-1983
--><datafield tag="046" ind1=" " ind2=" ">
                  <subfield code="a">k</subfield>
                  <subfield code="c">1976/1983</subfield>
               </datafield>
               <datafield tag="050" ind1=" " ind2=" ">
                  <subfield code="a">AFC 2000/003</subfield>
               </datafield>
               <datafield ind1="0" ind2="0" tag="245">
                  <subfield code="a">Art Rosenbaum Georgia folklore collection,</subfield>
                  <subfield code="f">1955-1983 /</subfield>
                  <subfield code="c">collected by Art Rosenbaum and the Georgia Folklore Society.</subfield>
               </datafield>
               <datafield ind1="3" ind2=" " tag="246">
                  <subfield code="a">Georgia folklore collection,</subfield>
                  <subfield code="f">1955-1983</subfield>
               </datafield>
               <!-- 
                 ===== f249 generated from master sort document ===== 
             --><datafield tag="249" ind1="0" ind2=" ">
                  <subfield code="i">EAD master sort node:</subfield>
                  <subfield code="a">@alpha_character^r^@alpha_srt^rosenbaum^@title^Art Rosenbaum Georgia Folklore Collection^@href^http://hdl.loc.gov/loc.afc/eadafc.af005003^@aggregate^af^@ead_file_name^af005003.xml^@eadid^af005003^</subfield>
               </datafield>
               <!-- 
extent
	@encodinganalog="300"
236 audiocassette tapes; 1 box of manuscripts and electronic media
--><datafield tag="300" ind1=" " ind2=" ">
                  <subfield code="a">236 audiocassette tapes; 1 box of manuscripts and electronic media</subfield>
               </datafield>
               <!-- 
abstract
	@label="Summary"
	@encodinganalog="520$a"
Copies of audio tape recordings made by Art Rosenbaum in north and coastal Georgia and South Carolina principally in the 1970s and early 1980s. These field recordings encompass many genres of acoustic folk music, including gospel, shout, blues, ballads, and some interviews with the performers, recorded in homes, churches, and festivals.
--><datafield tag="520" ind1="3" ind2=" ">
                  <subfield code="a">Copies of audio tape recordings made by Art Rosenbaum in north and coastal Georgia and South Carolina principally in the 1970s and early 1980s. These field recordings encompass many genres of acoustic folk music, including gospel, shout, blues, ballads, and some interviews with the performers, recorded in homes, churches, and festivals.</subfield>
               </datafield>
               <datafield ind1="1" ind2="0" tag="600">
                  <subfield code="a">Rosenbaum, Art</subfield>
                  <subfield code="x">Ethnomusicological collections.</subfield>
               </datafield>
               <datafield ind1=" " ind2="0" tag="650">
                  <subfield code="a">Folk music</subfield>
                  <subfield code="z">Georgia.</subfield>
               </datafield>
               <datafield ind1=" " ind2="0" tag="650">
                  <subfield code="a">Folk songs, English</subfield>
                  <subfield code="z">Georgia.</subfield>
               </datafield>
               <datafield ind1=" " ind2="0" tag="650">
                  <subfield code="a">African Americans</subfield>
                  <subfield code="z">Georgia</subfield>
                  <subfield code="v">Music.</subfield>
               </datafield>
               <datafield ind1=" " ind2="0" tag="650">
                  <subfield code="a">African Americans</subfield>
                  <subfield code="z">Georgia</subfield>
                  <subfield code="x">Religion.</subfield>
               </datafield>
               <datafield ind1=" " ind2="0" tag="650">
                  <subfield code="a">African Americans</subfield>
                  <subfield code="z">South Carolina</subfield>
                  <subfield code="v">Music.</subfield>
               </datafield>
               <datafield ind1=" " ind2="0" tag="650">
                  <subfield code="a">African Americans</subfield>
                  <subfield code="z">Sea Islands</subfield>
                  <subfield code="v">Music.</subfield>
               </datafield>
               <datafield ind1=" " ind2="0" tag="650">
                  <subfield code="a">African American gospel singers.</subfield>
               </datafield>
               <datafield ind1=" " ind2="0" tag="650">
                  <subfield code="a">Gospel music</subfield>
                  <subfield code="z">Georgia.</subfield>
               </datafield>
               <datafield ind1=" " ind2="0" tag="650">
                  <subfield code="a">Gospel music</subfield>
                  <subfield code="z">South Carolina.</subfield>
               </datafield>
               <datafield ind1=" " ind2="0" tag="650">
                  <subfield code="a">Hymns, English</subfield>
                  <subfield code="z">Georgia.</subfield>
               </datafield>
               <datafield ind1=" " ind2="0" tag="650">
                  <subfield code="a">Spirituals (Songs)</subfield>
                  <subfield code="z">Georgia.</subfield>
               </datafield>
               <datafield ind1=" " ind2="0" tag="650">
                  <subfield code="a">Shape note singing</subfield>
                  <subfield code="z">Georgia.</subfield>
               </datafield>
               <datafield ind1=" " ind2="0" tag="650">
                  <subfield code="a">Bluegrass music</subfield>
                  <subfield code="y">1971-1980.</subfield>
               </datafield>
               <datafield ind1=" " ind2="0" tag="650">
                  <subfield code="a">Bluegrass music</subfield>
                  <subfield code="y">1981-1990.</subfield>
               </datafield>
               <datafield ind1=" " ind2="0" tag="650">
                  <subfield code="a">Blues (Music)</subfield>
                  <subfield code="z">Georgia.</subfield>
               </datafield>
               <datafield ind1=" " ind2="0" tag="650">
                  <subfield code="a">Old-time music</subfield>
                  <subfield code="z">Georgia.</subfield>
               </datafield>
               <datafield ind1=" " ind2="0" tag="650">
                  <subfield code="a">String band music</subfield>
                  <subfield code="z">Georgia.</subfield>
               </datafield>
               <datafield ind1=" " ind2="0" tag="650">
                  <subfield code="a">Banjo music</subfield>
                  <subfield code="z">Georgia.</subfield>
               </datafield>
               <datafield ind1=" " ind2="0" tag="650">
                  <subfield code="a">Work songs</subfield>
                  <subfield code="z">Georgia.</subfield>
               </datafield>
               <datafield ind1=" " ind2="0" tag="650">
                  <subfield code="a">Children's songs, English</subfield>
                  <subfield code="z">Georgia.</subfield>
               </datafield>
               <datafield ind1=" " ind2="0" tag="650">
                  <subfield code="a">Sermons</subfield>
                  <subfield code="z">Georgia.</subfield>
               </datafield>
               <datafield ind1=" " ind2="0" tag="650">
                  <subfield code="a">Easter service.</subfield>
               </datafield>
               <datafield ind1=" " ind2="0" tag="650">
                  <subfield code="a">Easter music</subfield>
                  <subfield code="z">Georgia.</subfield>
               </datafield>
               <datafield ind1=" " ind2="0" tag="650">
                  <subfield code="a">Fiddle tunes</subfield>
                  <subfield code="z">Georgia.</subfield>
               </datafield>
               <datafield ind1=" " ind2="0" tag="650">
                  <subfield code="a">Banjoists</subfield>
                  <subfield code="z">Georgia</subfield>
                  <subfield code="v">Interviews.</subfield>
               </datafield>
               <datafield ind1=" " ind2="0" tag="650">
                  <subfield code="a">Ballads, English</subfield>
                  <subfield code="z">Georgia.</subfield>
               </datafield>
               <datafield ind1=" " ind2="0" tag="650">
                  <subfield code="a">Folk songs, Irish.</subfield>
               </datafield>
               <datafield ind1=" " ind2="0" tag="650">
                  <subfield code="a">Folk festivals</subfield>
                  <subfield code="z">Georgia.</subfield>
               </datafield>
               <datafield ind1=" " ind2="0" tag="650">
                  <subfield code="a">Tales</subfield>
                  <subfield code="z">Georgia.</subfield>
               </datafield>
               <datafield ind1=" " ind2="0" tag="650">
                  <subfield code="a">Music</subfield>
                  <subfield code="z">Georgia.</subfield>
               </datafield>
               <datafield ind1=" " ind2="0" tag="650">
                  <subfield code="a">Field recordings</subfield>
                  <subfield code="z">Georgia.</subfield>
               </datafield>
               <datafield ind1=" " ind2="0" tag="651">
                  <subfield code="a">Georgia</subfield>
                  <subfield code="x">Social life and customs.</subfield>
               </datafield>
               <datafield ind1=" " ind2="0" tag="651">
                  <subfield code="a">Georgia</subfield>
                  <subfield code="x">Religious life and customs.</subfield>
               </datafield>
               <datafield ind1=" " ind2="0" tag="651">
                  <subfield code="a">Sea Islands</subfield>
                  <subfield code="v">Music.</subfield>
               </datafield>
               <datafield ind1=" " ind2="0" tag="651">
                  <subfield code="a">Sea Islands</subfield>
                  <subfield code="x">Social life and customs.</subfield>
               </datafield>
               <datafield ind1=" " ind2="7" tag="655">
                  <subfield code="a">Sound recordings.</subfield>
                  <subfield code="2">aat</subfield>
               </datafield>
               <datafield ind1=" " ind2="7" tag="655">
                  <subfield code="a">Manuscripts.</subfield>
                  <subfield code="2">aat</subfield>
               </datafield>
               <datafield ind1=" " ind2="7" tag="655">
                  <subfield code="a">Interviews.</subfield>
                  <subfield code="2">aat</subfield>
               </datafield>
               <datafield ind1=" " ind2="7" tag="655">
                  <subfield code="a">Sermons.</subfield>
                  <subfield code="2">aat</subfield>
               </datafield>
               <datafield ind1=" " ind2="7" tag="655">
                  <subfield code="a">Lectures.</subfield>
                  <subfield code="2">aat</subfield>
               </datafield>
               <datafield ind1=" " ind2="7" tag="655">
                  <subfield code="a">Poems.</subfield>
                  <subfield code="2">aat</subfield>
               </datafield>
               <datafield ind1=" " ind2="7" tag="655">
                  <subfield code="a">Prayers.</subfield>
                  <subfield code="2">aat</subfield>
               </datafield>
               <datafield ind1=" " ind2="7" tag="655">
                  <subfield code="a">Field recordings.</subfield>
                  <subfield code="2">lcgft</subfield>
               </datafield>
               <datafield ind1="1" ind2=" " tag="700">
                  <subfield code="a">Rosenbaum, Art,</subfield>
                  <subfield code="e">collector,</subfield>
                  <subfield code="e">performer.</subfield>
               </datafield>
               <datafield ind1="1" ind2=" " tag="700">
                  <subfield code="a">Finster, Howard,</subfield>
                  <subfield code="d">1916-2001,</subfield>
                  <subfield code="e">performer.</subfield>
               </datafield>
               <datafield ind1="1" ind2=" " tag="700">
                  <subfield code="a">Jones, Bessie,</subfield>
                  <subfield code="d">1902-1984,</subfield>
                  <subfield code="e">performer.</subfield>
               </datafield>
               <datafield ind1="1" ind2=" " tag="700">
                  <subfield code="a">Heaney, Joe,</subfield>
                  <subfield code="d">1919-1984,</subfield>
                  <subfield code="e">performer.</subfield>
               </datafield>
               <datafield ind1="1" ind2=" " tag="700">
                  <subfield code="a">Pattman, Neal,</subfield>
                  <subfield code="e">performer.</subfield>
               </datafield>
               <datafield ind1="1" ind2=" " tag="700">
                  <subfield code="a">Tanner, Gordon,</subfield>
                  <subfield code="d">1916-,</subfield>
                  <subfield code="e">performer.</subfield>
               </datafield>
               <datafield ind1="1" ind2=" " tag="700">
                  <subfield code="a">Bruce, W. Guy,</subfield>
                  <subfield code="e">performer.</subfield>
               </datafield>
               <datafield ind1="2" ind2=" " tag="710">
                  <subfield code="a">McIntosh County Shouters (Musical group)</subfield>
                  <subfield code="e">performer.</subfield>
               </datafield>
               <datafield ind1="2" ind2=" " tag="710">
                  <subfield code="a">Moving Star Hall Singers,</subfield>
                  <subfield code="e">performer.</subfield>
               </datafield>
               <datafield ind1="2" ind2=" " tag="710">
                  <subfield code="a">Sea Island Singers,</subfield>
                  <subfield code="e">performer.</subfield>
               </datafield>
               <datafield ind1="2" ind2=" " tag="710">
                  <subfield code="a">Georgia Folklore Society,</subfield>
                  <subfield code="e">collector.</subfield>
               </datafield>
               <datafield tag="852" ind1=" " ind2=" ">
                  <subfield code="a">Library of Congress, </subfield>
                  <subfield code="b">American Folklife Center</subfield>
               </datafield>
               <!-- f506_1: false-->
<!-- f852_b: false--><datafield tag="856" ind1="4" ind2="2">
                  <subfield code="3">EAD</subfield>
                  <subfield code="u">http://hdl.loc.gov/loc.afc/eadafc.af005003</subfield>
               </datafield>
               <datafield tag="856" ind1="4" ind2="2">
                  <subfield code="3">EAD PDF</subfield>
                  <subfield code="u">http://hdl.loc.gov/loc.afc/eadafc.af005003.3</subfield>
               </datafield>
               <datafield tag="856" ind1="4" ind2="2">
                  <subfield code="3">LCCN Permalink</subfield>
                  <subfield code="u">http://lccn.loc.gov/2004695183</subfield>
               </datafield>
               <datafield tag="856" ind1="4" ind2="2">
                  <subfield code="3">Reading Room</subfield>
                  <subfield code="u">http://www.loc.gov/folklife/</subfield>
               </datafield>
               <datafield tag="856" ind1="4" ind2="2">
                  <subfield code="3">XML</subfield>
                  <subfield code="u">http://findingaids.loc.gov/source/main#af005003</subfield>
               </datafield>
               <datafield tag="856" ind1="4" ind2="2">
                  <subfield code="3">EAD METS</subfield>
                  <subfield code="u">http://hdl.loc.gov/loc.afc/eadafc.af005003.4</subfield>
               </datafield>
               <datafield ind1=" " ind2=" " tag="985">
                  <subfield code="a">afc/ead</subfield>
               </datafield>
            </record>
         </mets:xmlData>
      </mets:mdWrap>
   </mets:dmdSec>
   <mets:dmdSec ID="ead">
      <mets:mdWrap MDTYPE="EAD">
         <mets:xmlData>
            <ead xmlns="urn:isbn:1-931666-22-9" xmlns:xlink="http://www.w3.org/1999/xlink"
                 xsi:schemaLocation="urn:isbn:1-931666-22-9 http://www.loc.gov/ead/ead.xsd"
                 id="mferd151e2">
               <eadheader id="mferd151e3" repositoryencoding="iso15511" relatedencoding="MARC21"
                          countryencoding="iso3166-1"
                          scriptencoding="iso15924"
                          dateencoding="iso8601"
                          langencoding="iso639-2b">
                  <eadid mainagencycode="US-DLC" countrycode="US"
                         identifier="hdl:loc.afc/eadafc.af005003"
                         encodinganalog="856$u">http://hdl.loc.gov/loc.afc/eadafc.af005003</eadid>
                  <filedesc>
                     <titlestmt>
                        <titleproper encodinganalog="245$a"> Art Rosenbaum Georgia Folklore
			 Collection </titleproper>
                        <subtitle encodinganalog="245$b"> 
			                        <num encodinganalog="090$a">AFC 2000/003</num> 
                        </subtitle>
                        <author encodinganalog="245$c"> Prepared by Katie Lyn Peebles </author>
                     </titlestmt>
                     <publicationstmt>
                        <publisher encodinganalog="260$b">
			                        <extptr xlink:type="simple" xlink:show="embed" xlink:actuate="onLoad"
                                   xlink:href="http://lcweb2.loc.gov/xmlcommon/lcseal.jpg"/>American
			 Folklife Center, Library of Congress </publisher>
                        <address>
                           <addressline>Washington, D.C.</addressline>
                        </address>
                        <date encodinganalog="260$c" normal="2000-08" era="ce" calendar="gregorian">August 2000</date>
                     </publicationstmt>
                     <seriesstmt>
                        <titleproper>Guides to the Collections in the Archive of Folk
			 Culture</titleproper>
                     </seriesstmt>
                     <notestmt>
                        <note id="lccnNote">
                           <p>Catalog Record: 
				<extref xlink:href="http://lccn.loc.gov/2004695183" xlink:actuate="onRequest"
                                      xlink:title="MARC record for collection"
                                      xlink:type="simple">http://lccn.loc.gov/2004695183</extref>
                           </p>
                        </note>
                     </notestmt>
                  </filedesc>
                  <profiledesc>
                     <creation>Encoded by Judy Ng, 
		  <date normal="2005-12" era="ce" calendar="gregorian">December 2005</date>; Revised by Nora
		  Yeh</creation>
                     <langusage encodinganalog="546">Finding aid written in
		  <language encodinganalog="041" langcode="eng">English</language>
                     </langusage>
                  </profiledesc>
                  <revisiondesc>
                     <change>
                        <date era="ce" calendar="gregorian">March 2010</date>
                        <item> 
			                        <persname>Nora Yeh</persname>
                        </item>
                     </change>
                  </revisiondesc>
               </eadheader>
               <archdesc type="register" level="collection" relatedencoding="MARC21">
                  <did id="mferd151e49">
                     <head>Collection Summary</head>
                     <unitid label="Collection Number" encodinganalog="090" countrycode="US"
                             repositorycode="US-DLC">AFC 2000/003</unitid>
                     <unittitle label="Title" encodinganalog="245$a">Art Rosenbaum Georgia
		  Folklore Collection 
		  <unitdate label="Inclusive Dates" type="inclusive" encodinganalog="245$f"
                                  normal="1955/1983"
                                  era="ce"
                                  calendar="gregorian">1955-1983</unitdate> 
		                      <unitdate label="Bulk Dates" type="bulk" encodinganalog="245$g" normal="1976/1983"
                                  era="ce"
                                  calendar="gregorian">1976-1983</unitdate> 
                     </unittitle>
                     <repository label="Location" encodinganalog="852"> 
		                      <corpname>
                           <subarea>Archive of Folk Culture, American Folklife
			 Center</subarea> Library of Congress</corpname> 
		                      <address>
                           <addressline>Washington, D.C.</addressline>
                        </address> 
		                      <extref xlink:type="simple" xlink:href="http://hdl.loc.gov/loc.afc/folklife.home">http://hdl.loc.gov/loc.afc/folklife.home</extref>
                     </repository>
                     <physdesc label="Extent (original)"> 
                        <extent encodinganalog="300">236
		  audiocassette tapes; 1 box of manuscripts and electronic media</extent>
		                   </physdesc>
                     <origination label="Creator"> 
		                      <persname source="lcnaf" encodinganalog="100">Rosenbaum, Art</persname>
		                   </origination>
                     <origination label="Creator"> 
		                      <corpname>Georgia Folklore Society</corpname>
                     </origination>
                     <langmaterial label="Language" encodinganalog="546">
		                      <language encodinganalog="041" langcode="eng">English</language>
		                   </langmaterial>
                     <abstract label="Summary" encodinganalog="520$a">Copies of audio tape
		  recordings made by Art Rosenbaum in north and coastal Georgia and South
		  Carolina principally in the 1970s and early 1980s. These field recordings
		  encompass many genres of acoustic folk music, including gospel, shout, blues,
		  ballads, and some interviews with the performers, recorded in homes, churches,
		  and festivals.</abstract>
                  </did>
                  <!--m2cUpdateNodeSet--><controlaccess id="mferd151e96" altrender=":::F005=^20100326131321.0^"><!--LN:282--><head>Selected Search Terms</head>
                     <note>
                        <p>The following terms have been used to index the description of this
			 collection in the Library's online catalog. They are grouped by name of person
			 or organization, by subject or location, and by occupation and listed
			 alphabetically therein.</p>
                     </note>
                     <!--LN:285--><!--LN:289--><controlaccess id="mferd153e12">
                        <head>People</head>
                        <persname encodinganalog="700" source="lcnaf"
                                  altrender=":::PWEBRECON=^Bruce%2C+W.+Guy%2C^">Bruce, W. Guy, performer.</persname>
                        <persname encodinganalog="700" source="lcnaf"
                                  altrender=":::PWEBRECON=^Finster%2C+Howard%2C+1916-2001%2C^">Finster, Howard, 1916-2001, performer.</persname>
                        <persname encodinganalog="700" source="lcnaf"
                                  altrender=":::PWEBRECON=^Heaney%2C+Joe%2C+1919-1984%2C^">Heaney, Joe, 1919-1984, performer.</persname>
                        <persname encodinganalog="700" source="lcnaf"
                                  altrender=":::PWEBRECON=^Jones%2C+Bessie%2C+1902-1984%2C^">Jones, Bessie, 1902-1984, performer.</persname>
                        <persname encodinganalog="700" source="lcnaf"
                                  altrender=":::PWEBRECON=^Pattman%2C+Neal%2C^">Pattman, Neal, performer.</persname>
                        <persname encodinganalog="700" source="lcnaf"
                                  altrender=":::PWEBRECON=^Rosenbaum%2C+Art%2C^">Rosenbaum, Art, collector, performer.</persname>
                        <persname encodinganalog="600" role="subject" source="lcnaf"
                                  altrender=":::PWEBRECON=^Rosenbaum%2C+Art+Ethnomusicological+collections.^">Rosenbaum, Art--Ethnomusicological collections.</persname>
                        <persname encodinganalog="700" source="lcnaf"
                                  altrender=":::PWEBRECON=^Tanner%2C+Gordon%2C+1916-%2C^">Tanner, Gordon, 1916-, performer.</persname>
                     </controlaccess>
                     <controlaccess id="mferd153e43">
                        <head>Organizations</head>
                        <corpname encodinganalog="710$a" source="lcnaf"
                                  altrender=":::PWEBRECON=^Georgia+Folklore+Society%2C^">Georgia Folklore Society, collector.</corpname>
                        <corpname encodinganalog="710$a" source="lcnaf"
                                  altrender=":::PWEBRECON=^McIntosh+County+Shouters+%28Musical+group%29^">McIntosh County Shouters (Musical group) performer.</corpname>
                        <corpname encodinganalog="710$a" source="lcnaf"
                                  altrender=":::PWEBRECON=^Moving+Star+Hall+Singers%2C^">Moving Star Hall Singers, performer.</corpname>
                        <corpname encodinganalog="710$a" source="lcnaf"
                                  altrender=":::PWEBRECON=^Sea+Island+Singers%2C^">Sea Island Singers, performer.</corpname>
                     </controlaccess>
                     <controlaccess id="mferd153e61">
                        <head>Subjects</head>
                        <subject encodinganalog="650" source="lcsh"
                                 altrender=":::PWEBRECON=^African+American+gospel+singers.^">African American gospel singers.</subject>
                        <subject encodinganalog="650" source="lcsh"
                                 altrender=":::PWEBRECON=^African+Americans+Georgia+Music.^">African Americans--Georgia--Music.</subject>
                        <subject encodinganalog="650" source="lcsh"
                                 altrender=":::PWEBRECON=^African+Americans+Georgia+Religion.^">African Americans--Georgia--Religion.</subject>
                        <subject encodinganalog="650" source="lcsh"
                                 altrender=":::PWEBRECON=^African+Americans+Sea+Islands+Music.^">African Americans--Sea Islands--Music.</subject>
                        <subject encodinganalog="650" source="lcsh"
                                 altrender=":::PWEBRECON=^African+Americans+South+Carolina+Music.^">African Americans--South Carolina--Music.</subject>
                        <subject encodinganalog="650" source="lcsh"
                                 altrender=":::PWEBRECON=^Ballads%2C+English+Georgia.^">Ballads, English--Georgia.</subject>
                        <subject encodinganalog="650" source="lcsh"
                                 altrender=":::PWEBRECON=^Banjo+music+Georgia.^">Banjo music--Georgia.</subject>
                        <subject encodinganalog="650" source="lcsh"
                                 altrender=":::PWEBRECON=^Banjoists+Georgia+Interviews.^">Banjoists--Georgia--Interviews.</subject>
                        <subject encodinganalog="650" source="lcsh"
                                 altrender=":::PWEBRECON=^Bluegrass+music+1971-1980.^">Bluegrass music--1971-1980.</subject>
                        <subject encodinganalog="650" source="lcsh"
                                 altrender=":::PWEBRECON=^Bluegrass+music+1981-1990.^">Bluegrass music--1981-1990.</subject>
                        <subject encodinganalog="650" source="lcsh"
                                 altrender=":::PWEBRECON=^Blues+%28Music%29+Georgia.^">Blues (Music)--Georgia.</subject>
                        <subject encodinganalog="650" source="lcsh"
                                 altrender=":::PWEBRECON=^Children%27s+songs%2C+English+Georgia.^">Children's songs, English--Georgia.</subject>
                        <subject encodinganalog="650" source="lcsh"
                                 altrender=":::PWEBRECON=^Easter+music+Georgia.^">Easter music--Georgia.</subject>
                        <subject encodinganalog="650" source="lcsh" altrender=":::PWEBRECON=^Easter+service.^">Easter service.</subject>
                        <subject encodinganalog="650" source="lcsh"
                                 altrender=":::PWEBRECON=^Fiddle+tunes+Georgia.^">Fiddle tunes--Georgia.</subject>
                        <subject encodinganalog="650" source="lcsh"
                                 altrender=":::PWEBRECON=^Field+recordings+Georgia.^">Field recordings--Georgia.</subject>
                        <subject encodinganalog="650" source="lcsh"
                                 altrender=":::PWEBRECON=^Folk+festivals+Georgia.^">Folk festivals--Georgia.</subject>
                        <subject encodinganalog="650" source="lcsh"
                                 altrender=":::PWEBRECON=^Folk+music+Georgia.^">Folk music--Georgia.</subject>
                        <subject encodinganalog="650" source="lcsh"
                                 altrender=":::PWEBRECON=^Folk+songs%2C+English+Georgia.^">Folk songs, English--Georgia.</subject>
                        <subject encodinganalog="650" source="lcsh"
                                 altrender=":::PWEBRECON=^Folk+songs%2C+Irish.^">Folk songs, Irish.</subject>
                        <subject encodinganalog="650" source="lcsh"
                                 altrender=":::PWEBRECON=^Gospel+music+Georgia.^">Gospel music--Georgia.</subject>
                        <subject encodinganalog="650" source="lcsh"
                                 altrender=":::PWEBRECON=^Gospel+music+South+Carolina.^">Gospel music--South Carolina.</subject>
                        <subject encodinganalog="650" source="lcsh"
                                 altrender=":::PWEBRECON=^Hymns%2C+English+Georgia.^">Hymns, English--Georgia.</subject>
                        <subject encodinganalog="650" source="lcsh" altrender=":::PWEBRECON=^Music+Georgia.^">Music--Georgia.</subject>
                        <subject encodinganalog="650" source="lcsh"
                                 altrender=":::PWEBRECON=^Old-time+music+Georgia.^">Old-time music--Georgia.</subject>
                        <subject encodinganalog="650" source="lcsh" altrender=":::PWEBRECON=^Sermons+Georgia.^">Sermons--Georgia.</subject>
                        <subject encodinganalog="650" source="lcsh"
                                 altrender=":::PWEBRECON=^Shape+note+singing+Georgia.^">Shape note singing--Georgia.</subject>
                        <subject encodinganalog="650" source="lcsh"
                                 altrender=":::PWEBRECON=^Spirituals+%28Songs%29+Georgia.^">Spirituals (Songs)--Georgia.</subject>
                        <subject encodinganalog="650" source="lcsh"
                                 altrender=":::PWEBRECON=^String+band+music+Georgia.^">String band music--Georgia.</subject>
                        <subject encodinganalog="650" source="lcsh" altrender=":::PWEBRECON=^Tales+Georgia.^">Tales--Georgia.</subject>
                        <subject encodinganalog="650" source="lcsh"
                                 altrender=":::PWEBRECON=^Work+songs+Georgia.^">Work songs--Georgia.</subject>
                     </controlaccess>
                     <controlaccess id="mferd153e166">
                        <head>Places</head>
                        <geogname encodinganalog="651" role="subject" source="lcsh"
                                  altrender=":::PWEBRECON=^Georgia+Religious+life+and+customs.^">Georgia--Religious life and customs.</geogname>
                        <geogname encodinganalog="651" role="subject" source="lcsh"
                                  altrender=":::PWEBRECON=^Georgia+Social+life+and+customs.^">Georgia--Social life and customs.</geogname>
                        <geogname encodinganalog="651" role="subject" source="lcsh"
                                  altrender=":::PWEBRECON=^Sea+Islands+Music.^">Sea Islands--Music.</geogname>
                        <geogname encodinganalog="651" role="subject" source="lcsh"
                                  altrender=":::PWEBRECON=^Sea+Islands+Social+life+and+customs.^">Sea Islands--Social life and customs.</geogname>
                     </controlaccess>
                     <controlaccess id="mferd153e184">
                        <head>Titles</head>
                        <title xlink:type="simple" encodinganalog="246" source="lcnaf"
                               altrender=":::PWEBRECON=^Georgia+folklore+collection%2C+1955-1983^">Georgia folklore collection, 1955-1983</title>
                     </controlaccess>
                     <controlaccess id="mferd153e193">
                        <head>Form/Genre</head>
                        <genreform encodinganalog="655" source="lcgft"
                                   altrender=":::PWEBRECON=^Field+recordings.^">Field recordings.</genreform>
                        <genreform encodinganalog="655" source="aat" altrender=":::PWEBRECON=^Interviews.^">Interviews.</genreform>
                        <genreform encodinganalog="655" source="aat" altrender=":::PWEBRECON=^Lectures.^">Lectures.</genreform>
                        <genreform encodinganalog="655" source="aat" altrender=":::PWEBRECON=^Manuscripts.^">Manuscripts.</genreform>
                        <genreform encodinganalog="655" source="aat" altrender=":::PWEBRECON=^Poems.^">Poems.</genreform>
                        <genreform encodinganalog="655" source="aat" altrender=":::PWEBRECON=^Prayers.^">Prayers.</genreform>
                        <genreform encodinganalog="655" source="aat" altrender=":::PWEBRECON=^Sermons.^">Sermons.</genreform>
                        <genreform encodinganalog="655" source="aat" altrender=":::PWEBRECON=^Sound+recordings.^">Sound recordings.</genreform>
                     </controlaccess>
                  </controlaccess>
                  <descgrp id="mferd151e234" type="admininfo">
                     <head>Administrative Information</head>
                     <arrangement id="mferd151e237" encodinganalog="351">
                        <head>Arrangement</head>
                        <p>Sound recordings in this collection are arranged by the original
		  Georgia Folklore Collection (GFC) number.</p>
                     </arrangement>
                     <accessrestrict id="mferd151e242" encodinganalog="506">
                        <head>Access</head>
                        <p>Listening and viewing access to the collection is unrestricted.
		  Listening copies of the recordings are available at the Folklife Reading Room.
		  Restrictions may apply concerning the use, duplication, or publication of items
		  in this collection. Consult a reference librarian in the Folklife Reading Room
		  for specific information about this collection. See 
		  <extref xlink:type="simple" xlink:show="new" xlink:actuate="onRequest"
                                   xlink:href="http://www.loc.gov/rr/mopic/folkrec.html">http://www.loc.gov/rr/mopic/folkrec.html</extref>
                        </p>
                     </accessrestrict>
                     <acqinfo id="mferd151e249" encodinganalog="541">
                        <head>Acquisition</head>
                        <p>Art Rosenbaum donated 325 reels of field recordings to the University
		  of Georgia Libraries in 1987. The Media Archives of the University of Georgia
		  Libraries restored the original reel-to-reel tapes and donated a reference set
		  of audiocassettes to the American Folklife Center in January 2000. David Taylor
		  coordinated the donation from the University of Georgia Libraries Media
		  Archives. Katie Lyn Peebles accessioned, arranged, and processed this
		  collection.</p>
                     </acqinfo>
                     <prefercite id="mferd151e254" encodinganalog="524">
                        <head>Preferred Citation</head>
                        <p>Art Rosenbaum Georgia Folklore Collection (AFC 2000/003), Archive of
		  Folk Culture, American Folklife Center, Library of Congress, Washington, D.C.
		  </p>
                     </prefercite>
                     <relatedmaterial id="mferd151e259">
                        <head>Related Materials</head>
                        <p>Georgia Folklore Collection is located in the Walter J. Brown Media
		  Archives, University of Georgia, Athens, Georgia. Original recordings. An
		  inventory to the Georgia Folklore Collection is available at: 
		  <extref xlink:type="simple"
                                   xlink:href="http://www.libs.uga.edu/media/collections/georgiafolklore/inventory.html">http://www.libs.uga.edu/media/collections/georgiafolklore/inventory.html</extref>
                        </p>
                        <p>The Archive of Folk Culture also holds several other Art Rosenbaum
		  collections, including the Art Rosenbaum Duplication Project (AFC 1975/026) 
		  <extref xlink:type="simple" xlink:href="http://lccn.loc.gov/2008700397">http://lccn.loc.gov/2008700397</extref>of
		  27 audio tapes recorded between 1958 and 1971 in Iowa, Kentucky, Michigan, New
		  York City, Maine, New Hampshire, and Scotland. Some of these tapes were
		  duplicated from original masters at the Archives of Traditional Music, Indiana
		  University, Bloomington, Indiana, where they are numbered 1697-1741. These
		  master tapes were recorded in central and southern Indiana. The Art Rosenbaum
		  Collection of Fiddle Music from Iowa (AFC 1977/011) 
		  <extref xlink:type="simple" xlink:href="http://lccn.loc.gov/2006700240">http://lccn.loc.gov/2006700240 </extref>
		  includes three audio tapes of fiddle tunes, string band music, and blues from
		  1970-1972. </p>
                     </relatedmaterial>
                  </descgrp>
                  <scopecontent id="mferd151e274" encodinganalog="520">
                     <head>Scope and Content</head>
                     <p>Art Rosenbaum collected these field recordings in north and coastal
		  Georgia between 1976 and 1983. They include many genres of instrumental and
		  vocal folk music and, in addition, oral history interviews with some
		  performers. These recordings were made in homes, churches, and at festivals
		  with the intent of: 1) preserving through duplication the content of
		  deteriorating tapes of local performing traditions; 2) making these recordings
		  accessible to a wider public; and 3) ensuring the continuity of the musical
		  traditions of these performers' ancestors.</p>
                     <p>Although Rosenbaum made the majority of these recordings in the late
		  1970s and early 1980s, one tape (GFC 43) is dated from approximately 1955 and
		  was duplicated from a recording by Oscar and Fred Huff. Another tape (GFC 171)
		  was recorded with Joe Heaney in September 1966. Most of the recordings were
		  made in summer and fall, but notably 4 tapes (GFC 319-322) record an Easter
		  church service in Oglethorpe County. An extensive sequence of tapes (GFC
		  295-315) was recorded in the Georgia Sea Islands. Several lectures by visionary
		  artist Rev. Howard Finster are included.</p>
                     <p>The Walter J. Brown Media Archives and Peabody Awards Collection at
		  the University of Georgia Libraries holds the original masters, where they were
		  deposited in 1987 by Art Rosenbaum, and the 3-1/4 inch preservation masters. A
		  few tapes were not duplicated onto audiocassettes because of their extremely
		  poor condition even after restoration. The Inventory (Folder 2) appended to
		  this guide provides further details.</p>
                     <p>In addition to complete sets of recordings at the Archive of Folk
		  Culture at the American Folklife Center and the University of Georgia Media
		  Archives (Athens, GA 30602), different selections of reference copies from the
		  collection are also held at locations around Georgia. In regions that are
		  represented in the field recordings, the University of Georgia Libraries
		  deposited relevant copies of field tapes at the regional public libraries. The
		  names and addresses of these libraries are included in Folder 3.</p>
                     <p>The Georgia Folklore Collection consists primarily of the field
		  recordings made by Art Rosenbaum and was created when he donated these tapes to
		  the University of Georgia Libraries Media Archives in 1987. However, the
		  Georgia Folklore Collection is currently an open collection and also contains
		  associated collections of sound and video recordings from around Georgia,
		  including those made by the Georgia Folklore Society.</p>
                  </scopecontent>
                  <bioghist id="mferd151e287" encodinganalog="545">
                     <head>Biographical History</head>
                     <p>The field collector, Art Rosenbaum, is a professor of art at the Lamar
		  Dodd School of Art at the University of Georgia. He was born in 1938 and
		  received his degrees from Columbia University (A.B. 1960, MFA 1961). He also
		  studied at the Institut d'Art et d'Archéologie in Paris on a Fulbright grant
		  in 1964-65, and has exhibited his drawings and paintings extensively. He has
		  recorded folk musicians throughout the United States, particularly in Georgia,
		  Kentucky, Indiana, Iowa, and New York. Some of his visual art portrays the
		  performers and musical performances represented in his musical collections.</p>
                     <p>Rosenbaum has published 
		<title xlink:type="simple" render="italic">Shout Because You're Free: The African American
		  Ring Shout Tradition in Coastal Georgia </title>(F 292 .M15 R67 1998; Margo
		Newmark Rosenbaum, photographs; Johann S. Buis, music transcriptions and
		historical essay). This book draws in part from the field recordings of the
		Georgia Folklore Collection, and also includes subsequent field research. Four
		recordings that include music from these field recordings are: 
		<title xlink:type="simple" render="italic">Folk Vision and Voices: Traditional Music and Song
		  in Northern Georgia </title>(1983, Folkways FE 34161-34162), 
		<title xlink:type="simple" render="italic">Down Yonder: Old-Time String Band Music from
		  Georgia </title>(1982, Folkways FS 31089), 
		<title xlink:type="simple" render="italic">McIntosh County Shouters: Slave Shout Songs from
		  the Coast of Georgia </title>(1984, Folkways FE 4344), and 
		<title xlink:type="simple" render="italic">Georgia Folk: A Sampler of Traditional Sounds
		  </title>(1990, Global Village SC 03).</p>
                  </bioghist>
                  <otherfindaid encodinganalog="555$a" id="lccnURI">
                     <extref xlink:href="http://lccn.loc.gov/2004695183" xlink:actuate="onRequest"
                             xlink:title="MARC record for collection"
                             xlink:type="simple">http://lccn.loc.gov/2004695183</extref>
                  </otherfindaid>
                  <dsc id="mferd151e309" type="combined">
                     <head>Container List</head>
                     <c01 id="mferd151e312" level="series">
                        <did>
                           <container type="box">1</container>
                           <unittitle>Series I: Manuscripts</unittitle>
                        </did>
                        <c02 id="mferd151e318" level="file">
                           <did>
                              <container type="box">1</container>
                              <container type="folder">1</container>
                              <unittitle>Finding aid, inventory and correspondence.</unittitle>
                           </did>
                           <scopecontent>
                              <p>Hard copy and disc copy.</p>
                           </scopecontent>
                        </c02>
                        <c02 id="mferd151e329" level="file">
                           <did>
                              <container type="box">1</container>
                              <container type="folder">2</container>
                              <unittitle>Inventory.</unittitle>
                           </did>
                           <scopecontent>
                              <p>Includes descriptions and the column headings Call Number,
				  Artist, Group/ Event/ Title, Date, Recording Location, and Songs.</p>
                           </scopecontent>
                        </c02>
                        <c02 id="mferd151e340" level="file">
                           <did>
                              <container type="box">1</container>
                              <container type="folder">3</container>
                              <unittitle>List of Public Libraries.</unittitle>
                           </did>
                           <scopecontent>
                              <p>Includes the names, addresses, phone numbers, directors, and
				  service area of the public libraries receiving copies of the field recordings.
				  Also includes the number of audiocassettes donated, the original number of
				  reel-to-reel tapes duplicated on the audiocassettes, and the locations at which
				  the original masters were recorded.</p>
                           </scopecontent>
                        </c02>
                     </c01>
                     <c01 id="mferd151e351" level="series">
                        <did>
                           <container type="box">2-15</container>
                           <unittitle>Series II: Sound Recordings</unittitle>
                           <note>
                              <p>Sound recordings originally housed in Boxes 2 to 15 are stored
				  in a separate location.</p>
                           </note>
                        </did>
                        <c02 id="mferd151e360" level="file">
                           <did>
                              <container type="box">2</container>
                              <unittitle>GFC 1-23</unittitle>
                           </did>
                        </c02>
                        <c02 id="mferd151e366" level="file">
                           <did>
                              <container type="box">3</container>
                              <unittitle>GFC 24-53</unittitle>
                           </did>
                        </c02>
                        <c02 id="mferd151e372" level="file">
                           <did>
                              <container type="box">4</container>
                              <unittitle>GFC 54-79</unittitle>
                           </did>
                        </c02>
                        <c02 id="mferd151e378" level="file">
                           <did>
                              <container type="box">5</container>
                              <unittitle>GFC 80-107</unittitle>
                           </did>
                        </c02>
                        <c02 id="mferd151e384" level="file">
                           <did>
                              <container type="box">6</container>
                              <unittitle>GFC 108-128</unittitle>
                           </did>
                        </c02>
                        <c02 id="mferd151e390" level="file">
                           <did>
                              <container type="box">7</container>
                              <unittitle>GFC 129-149</unittitle>
                           </did>
                        </c02>
                        <c02 id="mferd151e396" level="file">
                           <did>
                              <container type="box">8</container>
                              <unittitle>GFC 150-172</unittitle>
                           </did>
                        </c02>
                        <c02 id="mferd151e402" level="file">
                           <did>
                              <container type="box">9</container>
                              <unittitle>GFC 173-192</unittitle>
                           </did>
                           <scopecontent>
                              <p>Note: Tape 193 was not transferred to audiocassette copy.</p>
                           </scopecontent>
                        </c02>
                        <c02 id="mferd151e411" level="file">
                           <did>
                              <container type="box">10</container>
                              <unittitle>GFC 194-214</unittitle>
                           </did>
                           <scopecontent>
                              <p>Note: Tape 215 was not transferred to audiocassette copy.</p>
                           </scopecontent>
                        </c02>
                        <c02 id="mferd151e420" level="file">
                           <did>
                              <container type="box">11</container>
                              <unittitle>GFC 216-237</unittitle>
                           </did>
                        </c02>
                        <c02 id="mferd151e427" level="file">
                           <did>
                              <container type="box">12</container>
                              <unittitle>GFC 238-263</unittitle>
                           </did>
                        </c02>
                        <c02 id="mferd151e433" level="file">
                           <did>
                              <container type="box">13</container>
                              <unittitle>GFC 264-288</unittitle>
                           </did>
                           <scopecontent>
                              <p>Note: Tape 289 was not transferred to audiocassette copy.</p>
                           </scopecontent>
                        </c02>
                        <c02 id="mferd151e442" level="file">
                           <did>
                              <container type="box">14</container>
                              <unittitle>GFC 290-307</unittitle>
                           </did>
                        </c02>
                        <c02 id="mferd151e448" level="file">
                           <did>
                              <container type="box">15</container>
                              <unittitle>GFC 308-325</unittitle>
                           </did>
                        </c02>
                     </c01>
                     <c01 id="mferd151e454" level="series">
                        <did>
                           <container type="box">1</container>
                           <unittitle>Series III: Electronic Media</unittitle>
                        </did>
                        <c02 id="mferd151e460" level="file">
                           <did>
                              <container type="box">1</container>
                              <container type="folder">1</container>
                              <unittitle>Finding aid, inventory and correspondence.</unittitle>
                           </did>
                           <scopecontent>
                              <p>1 3/5-inch computer diskette. Contains the Finding aid and
				  Inventory files.</p>
                           </scopecontent>
                        </c02>
                     </c01>
                  </dsc>
               </archdesc>
            </ead>
         </mets:xmlData>
      </mets:mdWrap>
   </mets:dmdSec>
   <mets:dmdSec ID="d746e2">
      <mets:mdRef LOCTYPE="URL" MDTYPE="EAD" LABEL="Title Page"
                  XPTR="/*[name()='ead']/*[1 and @id='mferd151e3']"/>
   </mets:dmdSec>
   <mets:dmdSec ID="d746e3">
      <mets:mdRef LOCTYPE="URL" MDTYPE="EAD" LABEL="Finding Aid Permalink"
                  XPTR="/*[name()='ead']/*[1]/*[1 and @identifier]"/>
   </mets:dmdSec>
   <mets:dmdSec ID="d746e4">
      <mets:mdRef LOCTYPE="URL" MDTYPE="EAD" LABEL="LCCN Permalink"
                  XPTR="/*[name()='ead']/*[1]/*[2]/*[4]/*[1 and @id='lccnNote']"/>
   </mets:dmdSec>
   <mets:dmdSec ID="d746e5">
      <mets:mdRef LOCTYPE="URL" MDTYPE="EAD" LABEL="Print/Download/Share"
                  XPTR="/*[name()='ead']/*[2]/*[6 and @id='lccnURI']"/>
   </mets:dmdSec>
   <mets:dmdSec ID="d746e6">
      <mets:mdRef LOCTYPE="URL" MDTYPE="EAD" LABEL="Collection Summary"
                  XPTR="/*[name()='ead']/*[2]/*[1 and @id='mferd151e49']"/>
   </mets:dmdSec>
   <mets:dmdSec ID="d746e7">
      <mets:mdRef LOCTYPE="URL" MDTYPE="EAD" LABEL="People"
                  XPTR="/*[name()='ead']/*[2]/*[2]/*[3 and @id='mferd153e12']"/>
   </mets:dmdSec>
   <mets:dmdSec ID="d746e8">
      <mets:mdRef LOCTYPE="URL" MDTYPE="EAD" LABEL="Organizations"
                  XPTR="/*[name()='ead']/*[2]/*[2]/*[4 and @id='mferd153e43']"/>
   </mets:dmdSec>
   <mets:dmdSec ID="d746e9">
      <mets:mdRef LOCTYPE="URL" MDTYPE="EAD" LABEL="Subjects"
                  XPTR="/*[name()='ead']/*[2]/*[2]/*[5 and @id='mferd153e61']"/>
   </mets:dmdSec>
   <mets:dmdSec ID="d746e10">
      <mets:mdRef LOCTYPE="URL" MDTYPE="EAD" LABEL="Places"
                  XPTR="/*[name()='ead']/*[2]/*[2]/*[6 and @id='mferd153e166']"/>
   </mets:dmdSec>
   <mets:dmdSec ID="d746e11">
      <mets:mdRef LOCTYPE="URL" MDTYPE="EAD" LABEL="Titles"
                  XPTR="/*[name()='ead']/*[2]/*[2]/*[7 and @id='mferd153e184']"/>
   </mets:dmdSec>
   <mets:dmdSec ID="d746e12">
      <mets:mdRef LOCTYPE="URL" MDTYPE="EAD" LABEL="Form/Genre"
                  XPTR="/*[name()='ead']/*[2]/*[2]/*[8 and @id='mferd153e193']"/>
   </mets:dmdSec>
   <mets:dmdSec ID="d746e14">
      <mets:mdRef LOCTYPE="URL" MDTYPE="EAD" LABEL="Arrangement"
                  XPTR="/*[name()='ead']/*[2]/*[3]/*[2 and @id='mferd151e237']"/>
   </mets:dmdSec>
   <mets:dmdSec ID="d746e15">
      <mets:mdRef LOCTYPE="URL" MDTYPE="EAD" LABEL="Access"
                  XPTR="/*[name()='ead']/*[2]/*[3]/*[3 and @id='mferd151e242']"/>
   </mets:dmdSec>
   <mets:dmdSec ID="d746e16">
      <mets:mdRef LOCTYPE="URL" MDTYPE="EAD" LABEL="Acquisition"
                  XPTR="/*[name()='ead']/*[2]/*[3]/*[4 and @id='mferd151e249']"/>
   </mets:dmdSec>
   <mets:dmdSec ID="d746e17">
      <mets:mdRef LOCTYPE="URL" MDTYPE="EAD" LABEL="Preferred Citation"
                  XPTR="/*[name()='ead']/*[2]/*[3]/*[5 and @id='mferd151e254']"/>
   </mets:dmdSec>
   <mets:dmdSec ID="d746e18">
      <mets:mdRef LOCTYPE="URL" MDTYPE="EAD" LABEL="Related Materials"
                  XPTR="/*[name()='ead']/*[2]/*[3]/*[6 and @id='mferd151e259']"/>
   </mets:dmdSec>
   <mets:dmdSec ID="d746e19">
      <mets:mdRef LOCTYPE="URL" MDTYPE="EAD" LABEL="Scope and Content"
                  XPTR="/*[name()='ead']/*[2]/*[4 and @id='mferd151e274']"/>
   </mets:dmdSec>
   <mets:dmdSec ID="d746e20">
      <mets:mdRef LOCTYPE="URL" MDTYPE="EAD" LABEL="Biographical History"
                  XPTR="/*[name()='ead']/*[2]/*[5 and @id='mferd151e287']"/>
   </mets:dmdSec>
   <mets:dmdSec ID="d746e21">
      <mets:mdRef LOCTYPE="URL" MDTYPE="EAD" LABEL="Container List"
                  XPTR="/*[name()='ead']/*[2]/*[7 and @id='mferd151e309']"/>
   </mets:dmdSec>
   <mets:dmdSec ID="d746e22">
      <mets:mdRef LOCTYPE="URL" MDTYPE="EAD" LABEL="Series I: Manuscripts"
                  XPTR="/*[name()='ead']/*[2]/*[7]/*[2 and @id='mferd151e312']"/>
   </mets:dmdSec>
   <mets:dmdSec ID="d746e23">
      <mets:mdRef LOCTYPE="URL" MDTYPE="EAD" LABEL="Series II: Sound Recordings"
                  XPTR="/*[name()='ead']/*[2]/*[7]/*[3 and @id='mferd151e351']"/>
   </mets:dmdSec>
   <mets:dmdSec ID="d746e24">
      <mets:mdRef LOCTYPE="URL" MDTYPE="EAD" LABEL="Series III: Electronic Media"
                  XPTR="/*[name()='ead']/*[2]/*[7]/*[4 and @id='mferd151e454']"/>
   </mets:dmdSec>
   <mets:structMap TYPE="LOGICAL" LABEL="categories">
      <mets:div DMDID="ead"
                LABEL="Art Rosenbaum Georgia Folklore Collection  1955-1983   1976-1983"
                TYPE="findingaid"
                ID="divcategoriesmferd745e49a1309"
                ORDER="1001">
         <mets:div ID="divoverviewmferd751e2" TYPE="overview" LABEL="Overview" ORDER="10011001"
                   ORDERLABEL="Nodes:67;Bytes:5206;">
            <mets:div ID="divoverviewmferd151e3" TYPE="eadheader" LABEL="Title Page"
                      ORDER="100110011001"
                      DMDID="d746e2"
                      ORDERLABEL="Nodes:29;Bytes:412;"/>
            <mets:div ID="divoverviewmferd725e7" TYPE="eadid" LABEL="Finding Aid Permalink"
                      ORDER="100110011002"
                      DMDID="d746e3"
                      ORDERLABEL="Nodes:0;Bytes:42;"/>
            <mets:div ID="divoverviewmferd725e52" TYPE="note" LABEL="LCCN Permalink"
                      ORDER="100110011003"
                      DMDID="d746e4"
                      ORDERLABEL="Nodes:2;Bytes:46;"/>
            <mets:div ID="divoverviewmferd151e49" TYPE="did" LABEL="Collection Summary"
                      ORDER="100110011004"
                      DMDID="d746e6"
                      ORDERLABEL="Nodes:20;Bytes:675;"/>
            <mets:div ID="divoverviewmferd151e237" TYPE="arrangement" LABEL="Arrangement"
                      ORDER="100110011005"
                      DMDID="d746e14"
                      ORDERLABEL="Nodes:2;Bytes:118;"/>
            <mets:div ID="divoverviewmferd151e274" TYPE="scopecontent" LABEL="Scope and Content"
                      ORDER="100110011006"
                      DMDID="d746e19"
                      ORDERLABEL="Nodes:6;Bytes:2497;"/>
            <mets:div ID="divoverviewmferd151e287" TYPE="bioghist" LABEL="Biographical History"
                      ORDER="100110011007"
                      DMDID="d746e20"
                      ORDERLABEL="Nodes:8;Bytes:1416;"/>
         </mets:div>
         <mets:div ID="divcontentsListmferd751e11" TYPE="contentsList" LABEL="Contents List"
                   ORDER="10011002"
                   ORDERLABEL="Nodes:105;Bytes:1253;">
            <mets:div ID="divcontentsListmferd151e309" TYPE="dsc" LABEL="Container List"
                      ORDER="100110021001"
                      DMDID="d746e21"
                      ORDERLABEL="Nodes:105;Bytes:1253;">
               <mets:div ORDER="1001100210011001" DMDID="d746e22" ID="divcontentsListmferd151e312"
                         TYPE="series"
                         ORDERLABEL="Nodes:24;Bytes:596;"
                         LABEL="Series I: Manuscripts"/>
               <mets:div ORDER="1001100210011002" DMDID="d746e23" ID="divcontentsListmferd151e351"
                         TYPE="series"
                         ORDERLABEL="Nodes:67;Bytes:487;"
                         LABEL="Series II: Sound Recordings"/>
               <mets:div ORDER="1001100210011003" DMDID="d746e24" ID="divcontentsListmferd151e454"
                         TYPE="series"
                         ORDERLABEL="Nodes:10;Bytes:153;"
                         LABEL="Series III: Electronic Media"/>
            </mets:div>
         </mets:div>
         <mets:div ID="divindexTermsmferd751e13" TYPE="indexTerms" LABEL="Index Terms"
                   ORDER="10011003"
                   ORDERLABEL="Nodes:62;Bytes:1581;">
            <mets:div ID="divindexTermsmferd153e12" TYPE="controlaccess" LABEL="People"
                      ORDER="100110031001"
                      DMDID="d746e7"
                      ORDERLABEL="Nodes:9;Bytes:289;"/>
            <mets:div ID="divindexTermsmferd153e43" TYPE="controlaccess" LABEL="Organizations"
                      ORDER="100110031002"
                      DMDID="d746e8"
                      ORDERLABEL="Nodes:5;Bytes:170;"/>
            <mets:div ID="divindexTermsmferd153e61" TYPE="controlaccess" LABEL="Subjects"
                      ORDER="100110031003"
                      DMDID="d746e9"
                      ORDERLABEL="Nodes:32;Bytes:836;"/>
            <mets:div ID="divindexTermsmferd153e166" TYPE="controlaccess" LABEL="Places"
                      ORDER="100110031004"
                      DMDID="d746e10"
                      ORDERLABEL="Nodes:5;Bytes:135;"/>
            <mets:div ID="divindexTermsmferd153e184" TYPE="controlaccess" LABEL="Titles"
                      ORDER="100110031005"
                      DMDID="d746e11"
                      ORDERLABEL="Nodes:2;Bytes:45;"/>
            <mets:div ID="divindexTermsmferd153e193" TYPE="controlaccess" LABEL="Form/Genre"
                      ORDER="100110031006"
                      DMDID="d746e12"
                      ORDERLABEL="Nodes:9;Bytes:106;"/>
         </mets:div>
         <mets:div ID="divusingThisCollectionmferd751e18" TYPE="usingThisCollection"
                   LABEL="Using this Collection"
                   ORDER="10011004"
                   ORDERLABEL="Nodes:13;Bytes:2063;">
            <mets:div ID="divusingThisCollectionmferd151e242" TYPE="accessrestrict" LABEL="Access"
                      ORDER="100110041001"
                      DMDID="d746e15"
                      ORDERLABEL="Nodes:3;Bytes:401;"/>
            <mets:div ID="divusingThisCollectionmferd151e249" TYPE="acqinfo" LABEL="Acquisition"
                      ORDER="100110041002"
                      DMDID="d746e16"
                      ORDERLABEL="Nodes:2;Bytes:472;"/>
            <mets:div ID="divusingThisCollectionmferd151e254" TYPE="prefercite"
                      LABEL="Preferred Citation"
                      ORDER="100110041003"
                      DMDID="d746e17"
                      ORDERLABEL="Nodes:2;Bytes:165;"/>
            <mets:div ID="divusingThisCollectionmferd151e259" TYPE="relatedmaterial"
                      LABEL="Related Materials"
                      ORDER="100110041004"
                      DMDID="d746e18"
                      ORDERLABEL="Nodes:6;Bytes:1025;"/>
         </mets:div>
         <mets:div ID="divprintDownloadmferd751e37" TYPE="printDownload" LABEL="Print/Download"
                   ORDER="10011005"
                   ORDERLABEL="Nodes:1;Bytes:30;">
            <mets:div ID="divprintDownloadlccnURI" TYPE="otherfindaid" LABEL="Print/Download/Share"
                      ORDER="100110051001"
                      DMDID="d746e5"
                      ORDERLABEL="Nodes:1;Bytes:30;"/>
         </mets:div>
      </mets:div>
   </mets:structMap>
</mets:mets>